@book {Hilbert,
    AUTHOR = {Hilbert, David},
     TITLE = {Foundations of geometry},
    SERIES = {Second edition. Translated from the tenth German edition by
              Leo Unger },
 PUBLISHER = {Open Court, LaSalle, Ill.},
      YEAR = {1971},
     PAGES = {ix+226 pp. paperbound},
   MRCLASS = {50.05},
  MRNUMBER = {0275262},
}

@book {Euclid,
    AUTHOR = {Euclid},
     TITLE = {Euclid's {\it {E}lements}},
      NOTE = {All thirteen books complete in one volume,
              The Thomas L. Heath translation,
              Edited by Dana Densmore},
 PUBLISHER = {Green Lion Press, Santa Fe, NM},
      YEAR = {2002},
     PAGES = {xxx+499},
      ISBN = {1-888009-18-7},
   MRCLASS = {01A75 (01A20 01A60 51-03)},
  MRNUMBER = {1932864},
MRREVIEWER = {B. Artmann},
}

@book {cmmp,
    AUTHOR = {Coppin, Charles A. and Mahavier, W. Ted and May, E. Lee and
              Parker, G. Edgar},
     TITLE = {The {M}oore method},
    SERIES = {MAA Notes},
    VOLUME = {75},
      NOTE = {A pathway to learner-centered instruction},
 PUBLISHER = {Mathematical Association of America, Washington, DC},
      YEAR = {2009},
     PAGES = {xii+245},
      ISBN = {978-0-88385-185-2},
   MRCLASS = {00-01 (54-01 97B40)},
  MRNUMBER = {2526847},
}

@book {nothy,
    AUTHOR = {Marshall, David C. and Odell, Edward and Starbird, Michael},
     TITLE = {Number theory through inquiry},
    SERIES = {MAA Textbooks},
 PUBLISHER = {Mathematical Association of America, Washington, DC},
      YEAR = {2007},
     PAGES = {x+140},
      ISBN = {978-0-88385-751-9},
   MRCLASS = {11-01},
  MRNUMBER = {2501633},
}


@preamble{
   "\def\cprime{$'$} "
}
@book {hartshorne,
    AUTHOR = {Hartshorne, Robin},
     TITLE = {Geometry: {E}uclid and beyond},
    SERIES = {Undergraduate Texts in Mathematics},
 PUBLISHER = {Springer-Verlag, New York},
      YEAR = {2000},
     PAGES = {xii+526},
      ISBN = {0-387-98650-2},
   MRCLASS = {51-01 (01A20 01A55 51-02)},
  MRNUMBER = {1761093},
MRREVIEWER = {Serguey M. Pokas{\cprime}},
       DOI = {10.1007/978-0-387-22676-7},
       URL = {http://dx.doi.org/10.1007/978-0-387-22676-7},
}

@online{GGB, 
author = {Hohenwarter, M. and Borcherds, M. and Ancsin, G. and Bencze, B. 
		and Blossier, M. and Delobelle, A. and Denizet, C. and \'Eli\'as, J. 
		and Fekete, \'A and  G\'al, L. and Kone\v{c}n\'y, Z. and Kov\'acs, Z. 
		and Lizelfelner, S. and Parisse, B. and Sturr, G.}, 
title = {{G}eo{G}ebra 5}, 
note = {\url{http://www.geogebra.org}}, 
year = {2015}, 
month = dec 
}

@report {mcnicholl,
author = {Mc{N}icholl, Timothy},
title = {The Extreme Moore Method}, 
note = {Handout}, 
Publisher = {Educational Advancement Foundation}, 
year = {2006}
}

@book {ball,
    AUTHOR = {Ball, W. W. Rouse and Coxeter, H. S. M.},
     TITLE = {Mathematical recreations and essays},
   EDITION = {Thirteenth},
 PUBLISHER = {Dover Publications, Inc., New York},
      YEAR = {1987},
     PAGES = {xviii+428},
      ISBN = {0-486-25357-0},
   MRCLASS = {00A08 (00A05)},
  MRNUMBER = {905673},
}

@incollection {MAANOTES,
AUTHOR = {Hitchman, Theron},
TITLE = {Running a Class Journal},
EDITOR = {Schwell, R. and Steurer, A. and Vasquez, J.},
BOOKTITLE = {Beyond Lecture},
SERIES = {MAA Notes},
VOLUME = {85},
NOTE = {Resources and Pedagogical Techniques for Enhancing 
      		the Teaching of Proof-Writing Across the Curriculum},
PUBLISHER = {Mathematical Association of America, Washington, DC},
YEAR = {2016},
ISBN = {978-0-88385-195-1},
}